@comment{x-kbibtex-personnameformatting=<%l><, %s><, %f>}

@online{nrlmsise00:goddardspaceflightcenter,
	author = {{Goddard Space Flight Center}},
	title = {{NRLMSISE-00 Model 2001}},
	url = {http://ccmc.gsfc.nasa.gov/modelweb/atmos/nrlmsise00.html},
	year = {2013}
}

@booklet{redbulletin:stratosspecialde,
	abstract = {German collection of Red Bull Tratos content published by The Red Bulletin},
	author = {Bulletin, The Red},
	month = jul,
	title = {{The Red Bulletin Stratos Special DE}},
	url = {http://issuu.com/redbulletin.com/docs/the_red_bulletin_stratos_special_de},
	year = {2012}
}

@online{af.mil:excelsior,
	author = {{US Air Force}},
	title = {{Project Excelsior}},
	url = {http://www.af.mil/information/heritage/spotlight.asp?id=123109977},
	year = {2013}
}

